@article{Zeuch2019,
  author     = {Zeuch, Steffen and Monte, Bonaventura Del and Karimov, Jeyhun
                and Lutz, Clemens and Renz, Manuel and Traub, Jonas and
                Bre\ss{}, Sebastian and Rabl, Tilmann and Markl, Volker},
  title      = {Analyzing Efficient Stream Processing on Modern Hardware},
  year       = {2019},
  issue_date = {January 2019},
  publisher  = {VLDB Endowment},
  volume     = {12},
  number     = {5},
  issn       = {2150-8097},
  url        = {https://doi.org/10.14778/3303753.3303758},
  doi        = {10.14778/3303753.3303758},
  journal    = {Proc. VLDB Endow.},
  month      = {jan},
  pages      = {516–530},
  numpages   = {15}
}

@inproceedings{BriskStream,
  author    = {Zhang, Shuhao and He, Jiong and Zhou, Amelie Chi and He,
               Bingsheng},
  title     = {BriskStream: Scaling Data Stream Processing on Shared-Memory
               Multicore Architectures},
  year      = {2019},
  isbn      = {9781450356435},
  publisher = {Association for Computing Machinery},
  address   = {New York, NY, USA},
  url       = {https://doi.org/10.1145/3299869.3300067},
  doi       = {10.1145/3299869.3300067},
  booktitle = {Proceedings of the 2019 International Conference on Management
               of Data},
  pages     = {705–722},
  numpages  = {18},
  keywords  = {operator replication and placement, numa-awareness},
  location  = {Amsterdam, Netherlands},
  series    = {SIGMOD '19}
}

@inproceedings{StreamBox,
  author    = {Hongyu Miao and Heejin Park and Myeongjae Jeon and Gennady
               Pekhimenko and Kathryn S. McKinley and Felix Xiaozhu Lin},
  title     = {{StreamBox}: Modern Stream Processing on a Multicore Machine},
  booktitle = {2017 USENIX Annual Technical Conference (USENIX ATC 17)},
  year      = {2017},
  isbn      = {978-1-931971-38-6},
  address   = {Santa Clara, CA},
  pages     = {617--629},
  url       = {https://www.usenix.org/conference/atc17/technical-sessions/presentation/miao},
  publisher = {USENIX Association},
  month     = {Jul}
}

@inproceedings{SABER,
  author    = {Koliousis, Alexandros and Weidlich, Matthias and Castro
               Fernandez, Raul and Wolf, Alexander L. and Costa, Paolo and
               Pietzuch, Peter},
  title     = {SABER: Window-Based Hybrid Stream Processing for Heterogeneous
               Architectures},
  year      = {2016},
  isbn      = {9781450335317},
  publisher = {Association for Computing Machinery},
  address   = {New York, NY, USA},
  url       = {https://doi.org/10.1145/2882903.2882906},
  doi       = {10.1145/2882903.2882906},
  booktitle = {Proceedings of the 2016 International Conference on Management
               of Data},
  pages     = {555–569},
  numpages  = {15},
  keywords  = {heterogeneous hardware, gpgpus, data parallelism, windowing
               support, stream processing, hybrid scheduling},
  location  = {San Francisco, California, USA},
  series    = {SIGMOD '16}
}

@inproceedings{Grizzly,
  author    = {Grulich, Philipp M. and Sebastian, Bre\ss{} and Zeuch, Steffen
               and Traub, Jonas and Bleichert, Janis von and Chen, Zongxiong
               and Rabl, Tilmann and Markl, Volker},
  title     = {Grizzly: Efficient Stream Processing Through Adaptive Query
               Compilation},
  year      = {2020},
  isbn      = {9781450367356},
  publisher = {Association for Computing Machinery},
  address   = {New York, NY, USA},
  url       = {https://doi.org/10.1145/3318464.3389739},
  doi       = {10.1145/3318464.3389739},
  booktitle = {Proceedings of the 2020 ACM SIGMOD International Conference on
               Management of Data},
  pages     = {2487–2503},
  numpages  = {17},
  keywords  = {mutli-core, hardware, code generation, stream processing, query
               compilation, adaptive query processing},
  location  = {Portland, OR, USA},
  series    = {SIGMOD '20}
}

@inproceedings{YahooBenchmark2016,
  author    = {Sanket Chintapalli and Derek Dagit and Bobby Evans and Reza
               Farivar and Thomas Graves and Mark Holderbaugh and Zhuo Liu and
               Kyle Nusbaum and Kishorkumar Patil and Boyang Jerry Peng and
               Paul Poulos},
  title     = {Benchmarking streaming computation engines: {Storm}, {Flink} and
               {Spark} {Streaming}},
  booktitle = {Parallel and Distributed Processing Symposium Workshops, 2016
               IEEE International},
  pages     = {1789--1792},
  month     = {May},
  year      = {2016},
  doi       = {10.1109/IPDPSW.2016.138},
}

@electronic{ExtendingYhSB,
  title        = {{Extending the Yahoo! Streaming Benchmark}},
  author       = {Grier, Jamie},
  organization = {Ververica},
  url          = {https://www.ververica.com/blog/extending-the-yahoo-streaming-benchmark},
  language     = {english},
  year         = {2016},
  month        = {Jan},
  urldate      = {Jan., 2024},
}

@electronic{DatabricksYhSB,
  title        = {{Benchmarking Structured Streaming on Databricks Runtime
                  Against State-of-the-Art Streaming Systems}},
  author       = {Yavuz, Burak},
  organization = {Databricks},
  url          = {https://www.databricks.com/blog/2017/10/11/benchmarking-structured-streaming-on-databricks-runtime-against-state-of-the-art-streaming-systems.html},
  language     = {english},
  year         = {2017},
  month        = {Oct},
  urldate      = {Jan., 2024},
}

@electronic{FlinkVsDatabricks,
  title        = {{The Curious Case of the Broken Benchmark: Revisiting Apache
                  Flink vs. Databricks Runtime}},
  author       = {Krettek, Aljoscha},
  organization = {Ververica},
  url          = {https://www.ververica.com/blog/extending-the-yahoo-streaming-benchmark},
  language     = {english},
  year         = {2017},
  month        = {Dec},
  urldate      = {Jan., 2024},
}

@inproceedings{SparkStreaming2012,
  author    = {Zaharia, Matei and Das, Tathagata and Li, Haoyuan and Shenker,
               Scott and Stoica, Ion},
  title     = {Discretized Streams: An Efficient and Fault-tolerant Model for
               Stream Processing on Large Clusters},
  booktitle = {Proceedings of the 4th USENIX Conference on Hot Topics in Cloud
               Ccomputing},
  series    = {HotCloud'12},
  year      = {2012},
  location  = {Boston, MA},
  pages     = {10--10},
  publisher = {USENIX Association},
}

@inproceedings{Storm2014,
  title     = {{Storm@Twitter}},
  author    = {Ankit Toshniwal and Siddarth Taneja and Amit Shukla and Karthik
               Ramasamy and Jignesh M. Patel and Sanjeev Kulkarni and Jason
               Jackson and Krishna Gade and Maosong Fu and Jake Donham and
               Nikunj Bhagat and Sailesh Mittal and Dmitriy Ryaboy},
  booktitle = {Proceedings of the 2014 ACM SIGMOD International Conference on
               Management of Data},
  series    = {SIGMOD '14},
  year      = {2014},
  month     = {June},
  isbn      = {978-1-4503-2376-5},
  location  = {Snowbird, Utah, USA},
  pages     = {147--156},
  doi       = {10.1145/2588555.2595641},
  publisher = {ACM},
  keywords  = {real-time query processing, stream data management},
}

@article{Flink2015,
  title     ={{Apache Flink\texttrademark: Stream and Batch Processing in a
              Single Engine}},
  author    ={Paris Carbone and Stephan Ewen and Seif Haridi and Asterios
              Katsifodimos and Volker Markl and Kostas Tzoumas},
  journal   ={Bulletin of the IEEE CS Technical Committee on Data Engineering},
  year      ={2015},
  month     ={December},
  pages     ={28--38},
}

@inproceedings{KafkaStreams2021,
author    = {Wang, Guozhang and Chen, Lei and Dikshit, Ayusman and Gustafson,
             Jason and Chen, Boyang and Sax, Matthias J. and Roesler, John and
             Blee-Goldman, Sophie and Cadonna, Bruno and Mehta, Apurva and
             Madan, Varun and Rao, Jun},
title     = {Consistency and Completeness: Rethinking Distributed Stream
             Processing in Apache Kafka},
year      = {2021},
isbn      = {9781450383431},
publisher = {Association for Computing Machinery},
address   = {New York, NY, USA},
url       = {https://doi.org/10.1145/3448016.3457556},
doi       = {10.1145/3448016.3457556},
booktitle = {Proceedings of the 2021 International Conference on Management of
             Data},
pages     = {2602–2613},
numpages  = {12},
keywords  = {stream processing, semantics},
location  = {Virtual Event, China},
series    = {SIGMOD '21}
}

@misc{Hazelcast,
      title={Hazelcast Jet: Low-latency Stream Processing at the 99.99th Percentile}, 
      author={Can Gencer and Marko Topolnik and Viliam Ďurina and Emin Demirci and Ensar B. Kahveci and Ali Gürbüz Ondřej Lukáš and József Bartók and Grzegorz Gierlach and František Hartman and Ufuk Yılmaz and Mehmet Doğan and Mohamed Mandouh and Marios Fragkoulis and Asterios Katsifodimos},
      year={2021},
      eprint={2103.10169},
      archivePrefix={arXiv},
      primaryClass={cs.DC}
}
